@MANUAL{ spektrometr,
  TITLE  = {EN-Catalogue-GL-SPECTIS-1.0-Touch.pdf [online]. [vid. 2024-04-08].},
  URL     = {Dostupné z: https://gloptic.com/wp-content/uploads/2023/12/EN-Catalogue-GL-SPECTIS-1.0-Touch.pdf},
  URLDATE= {2024-04-08},
}

@BOOK{ denni_osvetleni,
       AUTHOR = {Daniela Bošová},
        TITLE = {Denní osvětlení budov},
    PUBLISHER = {Informační centrum ČKAIT},
         YEAR = {2016},
         ISBN = {9788087438701},
}

@MANUAL{ bus_communication,
  TITLE  = {Bus Communication [online]. [vid. 2024-04-08].},
  URL     = {Dostupné z: https://onlinedocs.microchip.com/pr/GUID-0CDBB4BA-5972-4F58-98B2-3F0408F3E10B-en-US-1/GUID-910C4B97-3A38-4F04-A78A-DF74EE1A3612.html},
  URLDATE= {2024-04-08},
}

