
@misc{noauthor_notitle_nodate,
}

@online{noauthor_bus_nodate,
	title = {Bus Communication},
	url = {https://onlinedocs.microchip.com/pr/GUID-0CDBB4BA-5972-4F58-98B2-3F0408F3E10B-en-US-1/GUID-910C4B97-3A38-4F04-A78A-DF74EE1A3612.html},
	type = {topic},
	urldate = {2024-04-08},
	langid = {american},
	file = {Snapshot:/home/kika/Zotero/storage/G97373RW/GUID-910C4B97-3A38-4F04-A78A-DF74EE1A3612.html:text/html},
}

@online{noauthor_luminance_nodate,
	title = {Luminance Analyser â€“ {LumiDISP}},
	url = {https://lumidisp.eu/luminance-analyser/},
	urldate = {2024-04-28},
}
